<record><leader>03643pam a2200565 i 4500</leader><controlfield tag="001">6803521</controlfield><controlfield tag="003">OCoLC</controlfield><controlfield tag="005">20150120122530.0</controlfield><controlfield tag="008">141022s2015    enka     b    001 0deng  </controlfield><datafield ind1=" " ind2=" " tag="010"><subfield code="a">  2014021233</subfield></datafield><datafield ind1=" " ind2=" " tag="015"><subfield code="a">GBB497210</subfield><subfield code="2">bnb</subfield></datafield><datafield ind1="7" ind2=" " tag="016"><subfield code="a">016863314</subfield><subfield code="2">Uk</subfield></datafield><datafield ind1=" " ind2=" " tag="020"><subfield code="a">9781472505231</subfield><subfield code="q">hardback</subfield></datafield><datafield ind1=" " ind2=" " tag="020"><subfield code="a">1472505239</subfield><subfield code="q">hardback</subfield></datafield><datafield ind1=" " ind2=" " tag="020"><subfield code="z">9781472505293</subfield><subfield code="q">ePub</subfield></datafield><datafield ind1=" " ind2=" " tag="020"><subfield code="z">9781472512222</subfield><subfield code="q">ePDF</subfield></datafield><datafield ind1=" " ind2=" " tag="035"><subfield code="a">ocn857981459</subfield></datafield><datafield ind1=" " ind2=" " tag="040"><subfield code="a">DLC</subfield><subfield code="b">eng</subfield><subfield code="e">rda</subfield><subfield code="c">DLC</subfield><subfield code="d">BTCTA</subfield><subfield code="d">BDX</subfield><subfield code="d">UKMGB</subfield><subfield code="d">OCLCO</subfield><subfield code="d">OCLCQ</subfield><subfield code="d">YDXCP</subfield><subfield code="d">CDX</subfield><subfield code="d">NDD</subfield><subfield code="d">UAB</subfield><subfield code="d">AEU</subfield></datafield><datafield ind1=" " ind2=" " tag="042"><subfield code="a">pcc</subfield></datafield><datafield ind1=" " ind2=" " tag="043"><subfield code="a">cl-----</subfield></datafield><datafield ind1="0" ind2="0" tag="050"><subfield code="a">F2849.22.G85</subfield><subfield code="b">C28114 2015</subfield></datafield><datafield ind1="0" ind2="0" tag="082"><subfield code="a">980.03092/2</subfield><subfield code="2">23</subfield></datafield><datafield ind1=" " ind2=" " tag="084"><subfield code="a">LAN016000</subfield><subfield code="a">REL000000</subfield><subfield code="2">bisacsh</subfield></datafield><datafield ind1=" " ind2=" " tag="090"><subfield code="a">F 2849.22 G85 C28114 2015</subfield><subfield code="b">AEU</subfield></datafield><datafield ind1="1" ind2=" " tag="100"><subfield code="a">Cambre, Maria-Carolina,</subfield><subfield code="e">author.</subfield></datafield><datafield ind1="1" ind2="4" tag="245"><subfield code="a">The semiotics of Che Guevara :</subfield><subfield code="b">affective gateways /</subfield><subfield code="c">Maria-Carolina Cambre.</subfield></datafield><datafield ind1=" " ind2="1" tag="264"><subfield code="a">London :</subfield><subfield code="b">Bloomsbury Academic, an imprint of Bloomsbury Publishing Plc,</subfield><subfield code="c">2015.</subfield></datafield><datafield ind1=" " ind2=" " tag="300"><subfield code="a">xi, 224 pages :</subfield><subfield code="b">illustrations ;</subfield><subfield code="c">24 cm.</subfield></datafield><datafield ind1=" " ind2=" " tag="336"><subfield code="a">text</subfield><subfield code="b">txt</subfield><subfield code="2">rdacontent</subfield></datafield><datafield ind1=" " ind2=" " tag="337"><subfield code="a">unmediated</subfield><subfield code="b">n</subfield><subfield code="2">rdamedia</subfield></datafield><datafield ind1=" " ind2=" " tag="338"><subfield code="a">volume</subfield><subfield code="b">nc</subfield><subfield code="2">rdacarrier</subfield></datafield><datafield ind1="1" ind2=" " tag="490"><subfield code="a">Bloomsbury advances in semiotics</subfield></datafield><datafield ind1=" " ind2=" " tag="504"><subfield code="a">Includes bibliographical references and index.</subfield></datafield><datafield ind1="0" ind2=" " tag="505"><subfield code="a">1. Introduction -- 2. Stealing the image? : copyright and the failed branding of Che Guevara's image -- 3. Virtual Resurrections : Che Guevara's image as place of hope -- 4. Revolution within : youth and the face of Che Guevara in Venezuela -- 5. Beyond semiotics : the agency of Che Guevara's image in East Timor -- 6. Alchemy : indigenous and artistic methods for understanding the work of Che's image -- 7. About face -- 8. The unfinished business of the Guerrillero Heroico : queering Che.</subfield></datafield><datafield ind1="2" ind2=" " tag="520"><subfield code="a">"Alberto Korda's famous photograph of Che Guevara titled the 'Guerrillero Heroico' has been reproduced, modified and remixed countless times since it was taken on March 5, 1960, in Havana, Cuba. This book looks again at this well-known mass-produced image to explore how an image can take on cultural force in diverse parts of the globe and legitimate varying positions and mass action in unexpected global political contexts. Analytically, the book develops a comparative analysis of how images become attached to a range of meanings that are absolutely inseparable from their contexts of use. Addressing the need for a fluid and responsive approach to the study of visual meaning-making, this book relies on multiple methodologies such as semiotics, research-creation, multimodal discourse analysis, ethnography and phenomenology and shows how each method has something to offer toward the understanding of the social and cultural work of images in our globally oriented cultures"--</subfield><subfield code="c">Provided by publisher.</subfield></datafield><datafield ind1=" " ind2=" " tag="596"><subfield code="a">43</subfield></datafield><datafield ind1="1" ind2="0" tag="600"><subfield code="a">Guevara, Che,</subfield><subfield code="d">1928-1967</subfield><subfield code="v">Portraits.</subfield></datafield><datafield ind1="1" ind2="0" tag="600"><subfield code="a">Korda, Alberto,</subfield><subfield code="d">1928-2001.</subfield><subfield code="t">Guerillero her&#243;ico.</subfield></datafield><datafield ind1="1" ind2="0" tag="600"><subfield code="a">Guevara, Che,</subfield><subfield code="d">1928-1967</subfield><subfield code="x">Influence.</subfield></datafield><datafield ind1=" " ind2="0" tag="650"><subfield code="a">Guerrillas</subfield><subfield code="z">Latin America</subfield><subfield code="v">Portraits.</subfield></datafield><datafield ind1=" " ind2="0" tag="650"><subfield code="a">Portraits</subfield><subfield code="x">Political aspects.</subfield></datafield><datafield ind1=" " ind2="0" tag="650"><subfield code="a">Portraits</subfield><subfield code="x">Social aspects.</subfield></datafield><datafield ind1=" " ind2="0" tag="650"><subfield code="a">Photographs</subfield><subfield code="x">Political aspects.</subfield></datafield><datafield ind1=" " ind2="0" tag="650"><subfield code="a">Photographs</subfield><subfield code="x">Social aspects.</subfield></datafield><datafield ind1=" " ind2="0" tag="650"><subfield code="a">Visual communication.</subfield></datafield><datafield ind1=" " ind2="0" tag="650"><subfield code="a">Semiotics.</subfield></datafield><datafield ind1=" " ind2="0" tag="830"><subfield code="a">Bloomsbury advances in semiotics.</subfield></datafield><datafield ind1="4" ind2="2" tag="856"><subfield code="3">Cover image</subfield><subfield code="u">http://www.netread.com/jcusers2/bk1388/231/9781472505231/image/lgcover.9781472505231.jpg</subfield></datafield><datafield ind1=" " ind2=" " tag="949"><subfield code="a">F 2849.22 G85 C28114 2015</subfield><subfield code="c">1</subfield><subfield code="h">UAHS-B</subfield><subfield code="i">0162035232022</subfield></datafield><datafield ind1=" " ind2=" " tag="926"><subfield code="a">F 2849.22 G85 C28114 2015</subfield><subfield code="w">LC</subfield><subfield code="c">1</subfield><subfield code="i">0162035232022</subfield><subfield code="d">1/16/2017</subfield><subfield code="e">1/3/2017</subfield><subfield code="l">ON_SHELF</subfield><subfield code="m">UAHSS</subfield><subfield code="n">7</subfield><subfield code="p">$150.00</subfield><subfield code="r">Y</subfield><subfield code="s">Y</subfield><subfield code="t">BOOK</subfield><subfield code="u">2/11/2015</subfield></datafield></record>